<mx:record xmlns="http://www.w3.org/TR/xhtml1/strict" xmlns:mx="http://www.loc.gov/MARC21/slim" xmlns:xsi="http://www.w3.org/2001/XMLSchema-instance"><mx:leader>00000nz   2200000n  0000</mx:leader><mx:controlfield tag="001">oca07869615 </mx:controlfield><mx:controlfield tag="005">20080905052426.0</mx:controlfield><mx:controlfield tag="008">080904n| acannaabn          |n aaa     c</mx:controlfield><mx:datafield ind1=" " ind2=" " tag="010"><mx:subfield code="a">no2008129480</mx:subfield></mx:datafield><mx:datafield ind1=" " ind2=" " tag="040"><mx:subfield code="a">ICU</mx:subfield><mx:subfield code="b">eng</mx:subfield><mx:subfield code="c">ICU</mx:subfield></mx:datafield><mx:datafield ind1="0" ind2=" " tag="100"><mx:subfield code="a">Corinna,</mx:subfield><mx:subfield code="c">of Tanagra,</mx:subfield><mx:subfield code="d">5th cent. B.C.</mx:subfield></mx:datafield><mx:datafield ind1=" " ind2=" " tag="670"><mx:subfield code="a">Testimonis i fragments, 2005:</mx:subfield><mx:subfield code="b">t.p. (Corinna de Tànagra)</mx:subfield></mx:datafield><mx:datafield ind1=" " ind2=" " tag="670"><mx:subfield code="a">LC class. schedule PA</mx:subfield><mx:subfield code="b">(Corinna, 5th cent. B.C.)</mx:subfield></mx:datafield><mx:datafield ind1=" " ind2=" " tag="999"><mx:subfield code="a">1</mx:subfield></mx:datafield></mx:record>